/home/guillermo/Documentos/Doctorado/library.bib